<?xml version="1.0" encoding="UTF-8"?><record xmlns="http://www.loc.gov/MARC21/slim" xmlns:cinclude="http://apache.org/cocoon/include/1.0" xmlns:zs="http://www.loc.gov/zing/srw/">
  <leader>00501cz  a2200145n  4500</leader>
  <controlfield tag="001">no2006068109</controlfield>
  <controlfield tag="003">DLC</controlfield>
  <controlfield tag="005">20151116114224.0</controlfield>
  <controlfield tag="008">060630n| azannaabn          |n aaa     c</controlfield>
  <datafield tag="010" ind1=" " ind2=" ">
    <subfield code="a">no2006068109</subfield>
  </datafield>
  <datafield tag="035" ind1=" " ind2=" ">
    <subfield code="a">(OCoLC)oca06984143</subfield>
  </datafield>
  <datafield tag="040" ind1=" " ind2=" ">
    <subfield code="a">IEN</subfield>
    <subfield code="b">eng</subfield>
    <subfield code="e">rda</subfield>
    <subfield code="c">IEN</subfield>
    <subfield code="d">DLC</subfield>
  </datafield>
  <datafield tag="100" ind1="1" ind2=" ">
    <subfield code="a">Sebring, Steven</subfield>
  </datafield>
  <datafield tag="670" ind1=" " ind2=" ">
    <subfield code="a">Penor, John. Bygone days, c2005:</subfield>
    <subfield code="b">t.p. (Steven Sebring)</subfield>
  </datafield>
  <datafield tag="670" ind1=" " ind2=" ">
    <subfield code="a">Study of pose, 2014:</subfield>
    <subfield code="b">t.p. (Steven Sebring) last pages (photographer, filmmaker, and multimedia artist; lives in New York City)</subfield>
  </datafield>
</record>